@article{sample2024,
  author = {Smith, John},
  title = {A Sample Article},
  journal = {Journal of Examples},
  year = {2024},
  volume = {42},
  number = {1},
  pages = {1--10}
}